<record><leader>00000cas a2200000 a 4500</leader><controlfield tag="001">11891789</controlfield><controlfield tag="008">850408d18871887ksuwr ne      0   a0eng d</controlfield><datafield ind1=" " ind2=" " tag="010"><subfield code="a">sn 85031113 </subfield></datafield><datafield ind1=" " ind2=" " tag="040"><subfield code="a">KSH</subfield><subfield code="b">eng</subfield><subfield code="c">KSH</subfield><subfield code="d">NPT</subfield><subfield code="d">OCL</subfield><subfield code="d">OCLCQ</subfield></datafield><datafield ind1=" " ind2=" " tag="042"><subfield code="a">msc</subfield></datafield><datafield ind1="0" ind2=" " tag="130"><subfield code="a">Kansas State register (McPherson, Kan.)</subfield></datafield><datafield ind1="1" ind2="0" tag="245"><subfield code="a">Kansas State register.</subfield></datafield><datafield ind1="1" ind2="3" tag="246"><subfield code="a">Kansas register</subfield><subfield code="f">Jan. 27-Feb. 2, 1887</subfield></datafield><datafield ind1=" " ind2=" " tag="260"><subfield code="a">McPherson, Kan. :</subfield><subfield code="b">Register Pub. Co.,</subfield><subfield code="c">1887-</subfield></datafield><datafield ind1=" " ind2=" " tag="300"><subfield code="a">v. ;</subfield><subfield code="c">48-63 cm.</subfield></datafield><datafield ind1=" " ind2=" " tag="310"><subfield code="a">Weekly</subfield></datafield><datafield ind1="0" ind2=" " tag="362"><subfield code="a">Vol. 1, no. 1 (Jan. 27, 1887)-</subfield></datafield><datafield ind1="1" ind2=" " tag="362"><subfield code="a">Ceased with Nov. 3, 1887 issue?</subfield></datafield><datafield ind1=" " ind2=" " tag="500"><subfield code="a">Published by T.W. &amp; A.D. Woodrow, Feb. 9, 1887-</subfield></datafield><datafield ind1=" " ind2=" " tag="500"><subfield code="a">"Prohibitionist;" "Union Labor party."</subfield></datafield><datafield ind1=" " ind2=" " tag="752"><subfield code="a">United States</subfield><subfield code="b">Kansas</subfield><subfield code="c">McPherson</subfield><subfield code="d">McPherson.</subfield></datafield><datafield ind1="0" ind2="0" tag="780"><subfield code="t">Champion (McPherson, Kan.)</subfield><subfield code="w">(DLC)sn 85031111</subfield></datafield></record>